@misc{CBA,
 title={Colour Blindness},
 url={http://www.colourblindawareness.org/colour-blindness/},
 journal={Colour Blind Awareness}
}

@misc{NHS,
 title={Colour Vision Deficiency},
 url={https://www.nhs.uk/conditions/colour-vision-deficiency/},
 journal={NHS Choices},
 publisher={NHS}}

@misc{Types,
 title={Types of Colour Blindness},
 url={http://www.colourblindawareness.org/colour-blindness/types-of-colour-blindness/},
 journal={Colour Blind Awareness},
 publisher={Colour Blind Awareness}}

@misc{NIH,
title = {What Causes Colour Blindness?},
url = {https://nei.nih.gov/learn-about-eye-health/eye-conditions-and-diseases/color-blindness/causes-color-blindness},
publisher = {National Eye Institute}
}

@book{copsin, place={Cambridge},
  edition={1},
  title={Color vision: from genes to perception},
  volume={1}, publisher={Cambridge University Press},
  author={Sharpe, L. T. and Gegenfurtner, Karl R.},
  year={2001}}